<collection xmlns="http://www.loc.gov/MARC21/slim">
<record>
  <leader>01291nam0a22002651i 450 </leader>
  <controlfield tag="001">IT\ICCU\CNCE\076065</controlfield>
  <controlfield tag="005">20110617000000.0</controlfield>
  <datafield tag="012" ind1=" " ind2=" ">
    <subfield code="a">ioe- o,i, alo. PuIo (C) 1558 (A)</subfield>
    <subfield code="2">fei</subfield>
  </datafield>
  <datafield tag="100" ind1=" " ind2=" ">
    <subfield code="a">20110617d1558        0itac0103    ba</subfield>
  </datafield>
  <datafield tag="101" ind1=" " ind2=" ">
    <subfield code="a">ITA</subfield>
  </datafield>
  <datafield tag="102" ind1=" " ind2=" ">
    <subfield code="a">IT</subfield>
  </datafield>
  <datafield tag="200" ind1="1" ind2=" ">
    <subfield code="a">℗Le ℗facolt ̉de magistrati, giudici, et vfficiali di Parma, et de lo stato. Con gli ordini che d&apos;hanno a seruare cos ne l&apos;amministrar la giustitia, come ne la signatura di giusrtitia, &amp; di gratia</subfield>
  </datafield>
  <datafield tag="210" ind1=" " ind2=" ">
    <subfield code="a">In Parma</subfield>
    <subfield code="c">appresso Seth Viotto</subfield>
    <subfield code="d">1558</subfield>
  </datafield>
  <datafield tag="215" ind1=" " ind2=" ">
    <subfield code="a">\10! c.</subfield>
    <subfield code="d">4ʻ</subfield>
  </datafield>
  <datafield tag="620" ind1=" " ind2=" ">
    <subfield code="a">IT</subfield>
    <subfield code="d">Parma</subfield>
  </datafield>
  <datafield tag="710" ind1="0" ind2="2">
    <subfield code="a">Parma</subfield>
    <subfield code="3">15436</subfield>
  </datafield>
  <datafield tag="712" ind1="0" ind2="0">
    <subfield code="a">Viotti, Seth</subfield>
    <subfield code="3">IT\ICCU\CNCT\000228</subfield>
    <subfield code="4">650</subfield>
  </datafield>
  <datafield tag="791" ind1="0" ind2="0">
    <subfield code="a">Viotto, Sette</subfield>
    <subfield code="3">IT\ICCU\CNCT\004169</subfield>
    <subfield code="z">Viotti, Seth</subfield>
  </datafield>
  <datafield tag="791" ind1="0" ind2="0">
    <subfield code="a">Viottus, Septimus</subfield>
    <subfield code="3">IT\ICCU\CNCT\004170</subfield>
    <subfield code="z">Viotti, Seth</subfield>
  </datafield>
  <datafield tag="791" ind1="0" ind2="0">
    <subfield code="a">Vioto, Seth</subfield>
    <subfield code="3">IT\ICCU\CNCT\005899</subfield>
    <subfield code="z">Viotti, Seth</subfield>
  </datafield>
  <datafield tag="791" ind1="0" ind2="0">
    <subfield code="a">Viottis, Seth de</subfield>
    <subfield code="3">IT\ICCU\CNCT\005900</subfield>
    <subfield code="z">Viotti, Seth</subfield>
  </datafield>
  <datafield tag="801" ind1=" " ind2="3">
    <subfield code="a">IT</subfield>
    <subfield code="b">ICCU</subfield>
    <subfield code="c">20201115</subfield>
  </datafield>
  <datafield tag="899" ind1=" " ind2=" ">
    <subfield code="a">Biblioteca Palatina. Parma</subfield>
    <subfield code="1">PR0072</subfield>
    <subfield code="2">PAR PA</subfield>
  </datafield>
  <datafield tag="911" ind1=" " ind2=" ">
    <subfield code="a">Sul front.</subfield>
    <subfield code="9">IT\ICCU\CNCM\002321</subfield>
  </datafield>
  <datafield tag="921" ind1=" " ind2=" ">
    <subfield code="a">IT\ICCU\CNCM\002321</subfield>
    <subfield code="b">Liocorno che immerge il corno in un corso d&apos;acqua. Nella cornice del frontespizio.</subfield>
    <subfield code="e">Virtus securitatem parit</subfield>
    <subfield code="c">U852</subfield>
    <subfield code="d">Dimensioni dell&apos;ovale con la marca: 6,5 x 3,6</subfield>
    <subfield code="f">LIOCORNO</subfield>
    <subfield code="f">SERPENTE</subfield>
    <subfield code="f">VIRTUSSECU</subfield>
    <subfield code="g">[1545?]-1576</subfield>
  </datafield>
</record>
</collection>
